/home/don/projects/research/references.bib